<record><leader>00000cas a22000007a 4500</leader><controlfield tag="001">39161345</controlfield><controlfield tag="008">980521d19261927caucr ne      0    0eng d</controlfield><datafield ind1=" " ind2=" " tag="010"><subfield code="a">sn 98061510 </subfield></datafield><datafield ind1=" " ind2=" " tag="040"><subfield code="a">CNK</subfield><subfield code="b">eng</subfield><subfield code="c">CNK</subfield><subfield code="d">OCLCQ</subfield><subfield code="d">OCLCF</subfield><subfield code="d">OCLCO</subfield></datafield><datafield ind1="1" ind2=" " tag="029"><subfield code="a">AU@</subfield><subfield code="b">000013957327</subfield></datafield><datafield ind1=" " ind2=" " tag="042"><subfield code="a">msc</subfield></datafield><datafield ind1=" " ind2=" " tag="043"><subfield code="a">n-us-ca</subfield></datafield><datafield ind1="0" ind2="0" tag="245"><subfield code="a">Holtville tribune and desert farmer.</subfield></datafield><datafield ind1=" " ind2=" " tag="260"><subfield code="a">Holtville, Calif. :</subfield><subfield code="b">George Bennitt</subfield></datafield><datafield ind1=" " ind2=" " tag="300"><subfield code="a">v.</subfield></datafield><datafield ind1=" " ind2=" " tag="310"><subfield code="a">Semiweekly</subfield></datafield><datafield ind1="0" ind2=" " tag="362"><subfield code="a">Vol. 22, no. 21 (June 25, 1926)-v. 23, no. 72 (Dec. 20, 1927).</subfield></datafield><datafield ind1=" " ind2=" " tag="500"><subfield code="a">"And Desert Farmer" appears in parenthesis below "Holtville Tribune."</subfield></datafield><datafield ind1=" " ind2="0" tag="651"><subfield code="a">Imperial County (Calif.)</subfield><subfield code="v">Newspapers.</subfield></datafield><datafield ind1=" " ind2="7" tag="655"><subfield code="a">Newspapers.</subfield><subfield code="2">fast</subfield><subfield code="0">(OCoLC)fst01423814</subfield></datafield><datafield ind1=" " ind2="7" tag="651"><subfield code="a">California</subfield><subfield code="z">Imperial County.</subfield><subfield code="2">fast</subfield><subfield code="0">(OCoLC)fst01206056</subfield></datafield><datafield ind1=" " ind2=" " tag="752"><subfield code="a">United States</subfield><subfield code="b">California</subfield><subfield code="c">Imperial</subfield><subfield code="d">Holtville.</subfield></datafield><datafield ind1="0" ind2="0" tag="780"><subfield code="t">Holtville tribune (Holtville, Calif. : 1914)</subfield><subfield code="w">(DLC)sn 98061509</subfield></datafield><datafield ind1="0" ind2="0" tag="785"><subfield code="t">Holtville tribune</subfield><subfield code="w">(DLC)sn 94051129</subfield></datafield></record>